
@ARTICLE{Miguel,
   author = {{Bernab{\'e} Ferreira}, M.~J. and {Padmanabhan}, P. and {Teotonio-Sobrinho}, P.
	},
    title = "{2D Quantum Double Models From a 3D Perspective}",
  journal = {ArXiv e-prints},
archivePrefix = "arXiv",
   eprint = {1310.8483},
 primaryClass = "cond-mat.str-el",
 keywords = {Condensed Matter - Strongly Correlated Electrons, High Energy Physics - Theory},
     year = 2013,
    month = oct,
   adsurl = {http://adsabs.harvard.edu/abs/2013arXiv1310.8483B},
  adsnote = {Provided by the SAO/NASA Astrophysics Data System}
}


@ARTICLE{Pramod,
   author = {{Padmanabhan}, P. and {Ibieta Jimenez}, J.~P. and {Bernab{\'e} Ferreira}, M.~J. and 
	{Teotonio-Sobrinho}, P.},
    title = "{More Solvable \$2D\$ Quantum Models from Lattice Gauge Theories}",
  journal = {ArXiv e-prints},
archivePrefix = "arXiv",
   eprint = {1408.2501},
 primaryClass = "cond-mat.str-el",
 keywords = {Condensed Matter - Strongly Correlated Electrons, High Energy Physics - Theory},
     year = 2014,
    month = aug,
   adsurl = {http://adsabs.harvard.edu/abs/2014arXiv1408.2501P},
  adsnote = {Provided by the SAO/NASA Astrophysics Data System}
}


@ARTICLE{PauloyPramod,
   author = {{Padmanabhan}, P. and {Teotonio-Sobrinho}, P.},
    title = "{Non-Abelian Fusion Rules from an Abelian System}",
  journal = {ArXiv e-prints},
archivePrefix = "arXiv",
   eprint = {1407.4064},
 primaryClass = "cond-mat.str-el",
 keywords = {Condensed Matter - Strongly Correlated Electrons, Quantum Physics},
     year = 2014,
    month = jul,
   adsurl = {http://adsabs.harvard.edu/abs/2014arXiv1407.4064P},
  adsnote = {Provided by the SAO/NASA Astrophysics Data System}
}


@article{Wilson,
  title = {Confinement of quarks},
  author = {Wilson, Kenneth G.},
  journal = {Phys. Rev. D},
  volume = {10},
  issue = {8},
  pages = {2445--2459},
  numpages = {0},
  year = {1974},
  month = {Oct},
  publisher = {American Physical Society},
  doi = {10.1103/PhysRevD.10.2445},
  url = {http://link.aps.org/doi/10.1103/PhysRevD.10.2445}
}


@book{Nash,
  title={Topology and geometry for physicists},
  author={Nash, C. and Sen, S.},
  isbn={9780125140805},
  lccn={83203969},
  url={http://books.google.com.br/books?id=Lz7y9PmTdgwC},
  year={1983},
  publisher={Academic Press}
}


@ARTICLE{Andruskiewitsch,
   author = {{Andruskiewitsch}, N. and {Angiono}, I. and {Garcia Iglesias}, A. and 
	{Torrecillas}, B. and {Vay}, C.},
    title = "{From Hopf algebras to tensor categories}",
  journal = {ArXiv e-prints},
archivePrefix = "arXiv",
   eprint = {1204.5807},
 primaryClass = "math.QA",
 keywords = {Mathematics - Quantum Algebra, 16W30},
     year = 2012,
    month = apr,
   adsurl = {http://adsabs.harvard.edu/abs/2012arXiv1204.5807A},
  adsnote = {Provided by the SAO/NASA Astrophysics Data System}
}


@article{Takeuchi,
title = "Finite Hopf algebras in braided tensor categories ",
journal = "Journal of Pure and Applied Algebra ",
volume = "138",
number = "1",
pages = "59 - 82",
year = "1999",
note = "",
issn = "0022-4049",
doi = "http://dx.doi.org/10.1016/S0022-4049(97)00207-7",
url = "http://www.sciencedirect.com/science/article/pii/S0022404997002077",
author = "Mitsuhiro Takeuchi",
abstract = "Hopf algebras in braided tensor categories are studied with emphasis on finite (i.e., rigid) Hopf algebras. By imitating Larson and Sweedler's (1969) Hopf module construction, it is proved that the antipode of a finite Hopf algebra is an isomorphism of the category and that the left or right integral space is an invertible object. Diagrammatic methods are effectively used throughout the arguments. "
}


@article{Sweedler,
author = "Sweedler, Moss E.",
fjournal = "Bulletin of the American Mathematical Society",
journal = "Bull. Amer. Math. Soc.",
month = "01",
number = "1",
pages = "126--128",
publisher = "American Mathematical Society",
title = "Cocommutative Hopf algebras with antipode",
url = "http://projecteuclid.org/euclid.bams/1183528633",
volume = "73",
year = "1967"
}


@book{Naber,
  title={Topology, Geometry and Gauge fields: Foundations},
  author={Naber, G.L.},
  isbn={9781441972545},
  lccn={2010936347},
  series={Texts in Applied Mathematics},
  url={http://books.google.com.br/books?id=osXdDqP5qGcC},
  year={2010},
  publisher={Springer}
}


@book{Oeckl,
  title={Discrete Gauge Theory: From Lattices to TQFT},
  author={Oeckl, R.},
  isbn={9781860947377},
  url={http://books.google.com.br/books?id=VeEkt6yi8DEC},
  year={2005},
  publisher={Imperial College Press}
}


@article{Qhe,
   author = {{Goerbig}, M.~O.},
    title = "{Quantum Hall Effects}",
  journal = {ArXiv e-prints},
archivePrefix = "arXiv",
   eprint = {0909.1998},
 primaryClass = "cond-mat.mes-hall",
 keywords = {Condensed Matter - Mesoscale and Nanoscale Physics, Condensed Matter - Strongly Correlated Electrons},
     year = 2009,
    month = sep,
   adsurl = {http://adsabs.harvard.edu/abs/2009arXiv0909.1998G},
  adsnote = {Provided by the SAO/NASA Astrophysics Data System}
}


@article{Pachner,
title = "P.L. Homeomorphic Manifolds are Equivalent by Elementary 5hellingst ",
journal = "European Journal of Combinatorics ",
volume = "12",
number = "2",
pages = "129 - 145",
year = "1991",
note = "",
issn = "0195-6698",
doi = "http://dx.doi.org/10.1016/S0195-6698(13)80080-7",
url = "http://www.sciencedirect.com/science/article/pii/S0195669813800807",
author = "Udo Pachner",
}


@ARTICLE{Nussinov,
   author = {{Nussinov}, Z. and {Ortiz}, G.},
    title = "{Sufficient symmetry conditions for Topological Quantum Order}",
  journal = {Proceedings of the National Academy of Science},
   eprint = {cond-mat/0605316},
     year = 2009,
    month = sep,
   volume = 106,
    pages = {16944-16949},
      doi = {10.1073/pnas.0803726105},
   adsurl = {http://adsabs.harvard.edu/abs/2009PNAS..10616944N},
  adsnote = {Provided by the SAO/NASA Astrophysics Data System}
}

@ARTICLE{Fradkin,
   author = {{Nussinov}, Z. and {Batista}, C.~D. and {Fradkin}, E.},
    title = "{Intermediate Symmetries in Electronic Systems:. Dimensional Reduction, Order Out of Disorder, Dualities, and Fractionalization}",
  journal = {International Journal of Modern Physics B},
   eprint = {cond-mat/0602569},
 keywords = {Intermediate symmetries, dimensional reduction, order out of disorder},
     year = 2006,
   volume = 20,
   pages = {5239-5249},
      doi = {10.1142/S0217979206036326},
   adsurl = {http://adsabs.harvard.edu/abs/2006IJMPB..20.5239N},
  adsnote = {Provided by the SAO/NASA Astrophysics Data System}
}

@article{Laughlin,
  title = {Anomalous Quantum Hall Effect: An Incompressible Quantum Fluid with Fractionally Charged Excitations},
  author = {Laughlin, R. B.},
  journal = {Phys. Rev. Lett.},
  volume = {50},
  issue = {18},
  pages = {1395--1398},
  numpages = {0},
  year = {1983},
  month = {May},
  publisher = {American Physical Society},
  doi = {10.1103/PhysRevLett.50.1395},
  url = {http://link.aps.org/doi/10.1103/PhysRevLett.50.1395}
}

@article{PhysRevLett.52.2390.4,
  title = {Statistics of Quasiparticles and the Hierarchy of Fractional Quantized Hall States},
  author = {Halperin, B. I.},
  journal = {Phys. Rev. Lett.},
  volume = {52},
  issue = {26},
  pages = {2390--2390},
  numpages = {0},
  year = {1984},
  month = {Jun},
  publisher = {American Physical Society},
  doi = {10.1103/PhysRevLett.52.2390.4},
  url = {http://link.aps.org/doi/10.1103/PhysRevLett.52.2390.4}
}


@ARTICLE{Lopez,
   author = {{L{\'o}pez}, A. and {Fradkin}, E.},
    title = "{Fermion Chern-Simons theory of hierarchical fractional quantum Hall states}",
  journal = {\prb},
   eprint = {cond-mat/0310128},
 keywords = {Theory and modeling, Fermions in reduced dimensions},
     year = 2004,
    month = apr,
   volume = 69,
   number = 15,
      eid = {155322},
    pages = {155322},
      doi = {10.1103/PhysRevB.69.155322},
   adsurl = {http://adsabs.harvard.edu/abs/2004PhRvB..69o5322L},
  adsnote = {Provided by the SAO/NASA Astrophysics Data System}
}


@ARTICLE{Hall,
   author = {{Hall}, B.~C.},
    title = "{An Elementary Introduction to Groups and Representations}",
  journal = {ArXiv Mathematical Physics e-prints},
   eprint = {math-ph/0005032},
 keywords = {Mathematical Physics, Mathematics - Mathematical Physics, 81R05, 22E30},
     year = 2000,
    month = may,
   adsurl = {http://adsabs.harvard.edu/abs/2000math.ph...5032H},
  adsnote = {Provided by the SAO/NASA Astrophysics Data System}
}


@book{Barut,
  title={Theory of Group Representations and Applications},
  author={Barut, A.O. and R{\c{a}}czka, R.},
  isbn={9789971502171},
  lccn={lc87001994},
  url={http://books.google.com.br/books?id=Mi1fy70II8cC},
  year={1986},
  publisher={World Scientific}
}


@article{Freyd,
title = "Braided compact closed categories with applications to low dimensional topology ",
journal = "Advances in Mathematics ",
volume = "77",
number = "2",
pages = "156 - 182",
year = "1989",
note = "",
issn = "0001-8708",
doi = "http://dx.doi.org/10.1016/0001-8708(89)90018-2",
url = "http://www.sciencedirect.com/science/article/pii/0001870889900182",
author = "Peter J Freyd and David N Yetter"
}


@article{Barrett,
      author         = "Barrett, John W. and Westbury, Bruce W.",
      title          = "{Spherical categories}",
      journal        = "Adv.Math.",
      volume         = "143",
      pages          = "357-375",
      doi            = "10.1006/aima.1998.1800",
      year           = "1999",
      eprint         = "hep-th/9310164",
      archivePrefix  = "arXiv",
      primaryClass   = "hep-th",
      SLACcitation   = "%%CITATION = HEP-TH/9310164;%%",
}


@book{Underwood,
  title={An Introduction to Hopf Algebras},
  author={Underwood, R.G.},
  isbn={9780387727653},
  lccn={2011933563},
  url={http://books.google.com.br/books?id=pdwsq-BRFo0C},
  year={2011},
  publisher={Springer}
}


@article{Atiyah,
year={1988},
issn={0073-8301},
journal={Publications Mathématiques de l'Institut des Hautes Études Scientifiques},
volume={68},
number={1},
doi={10.1007/BF02698547},
title={Topological quantum field theories},
url={http://dx.doi.org/10.1007/BF02698547},
publisher={Springer-Verlag},
author={Atiyah, Michael},
pages={175-186},
language={English}
}


@article{Witten,
year={1988},
issn={0010-3616},
journal={Communications in Mathematical Physics},
volume={117},
number={3},
doi={10.1007/BF01223371},
title={Topological quantum field theory},
url={http://dx.doi.org/10.1007/BF01223371},
publisher={Springer-Verlag},
author={Witten, Edward},
pages={353-386},
language={English}
}


@article{Kitaev1,
  author={A Yu Kitaev},
  title={Quantum computations: algorithms and error correction},
  journal={Russian Mathematical Surveys},
  volume={52},
  number={6},
  pages={1191},
  url={http://stacks.iop.org/0036-0279/52/i=6/a=R02},
  year={1997},
}
	

@article{Kitaev2,
      author         = "Kitaev, A. Yu.",
      title          = "{Fault tolerant quantum computation by anyons}",
      journal        = "Annals Phys.",
      volume         = "303",
      pages          = "2-30",
      doi            = "10.1016/S0003-4916(02)00018-0",
      year           = "2003",
      eprint         = "quant-ph/9707021",
      archivePrefix  = "arXiv",
      primaryClass   = "quant-ph",
      SLACcitation   = "%%CITATION = QUANT-PH/9707021;%%",
}


@ARTICLE{Kitaev3,
   author = {{Kitaev}, A.},
    title = "{Anyons in an exactly solved model and beyond}",
  journal = {Annals of Physics},
   eprint = {cond-mat/0506438},
     year = 2006,
    month = jan,
   volume = 321,
    pages = {2-111},
      doi = {10.1016/j.aop.2005.10.005},
   adsurl = {http://adsabs.harvard.edu/abs/2006AnPhy.321....2K},
  adsnote = {Provided by the SAO/NASA Astrophysics Data System}
}


@ARTICLE{Kuperberg,
   author = {{Kuperberg}, G.},
    title = "{Involutory Hopf algebras and 3-manifold invariants}",
  journal = {ArXiv Mathematics e-prints},
   eprint = {math/9201301},
 keywords = {Mathematics - Quantum Algebra, Mathematics - Geometric Topology},
     year = 1992,
    month = may,
   adsurl = {http://adsabs.harvard.edu/abs/1992math......1301K},
  adsnote = {Provided by the SAO/NASA Astrophysics Data System}
}


@article{TuraevViro,
title = "State sum invariants of 3-manifolds and quantum 6j-symbols ",
journal = "Topology ",
volume = "31",
number = "4",
pages = "865 - 902",
year = "1992",
note = "",
issn = "0040-9383",
doi = "http://dx.doi.org/10.1016/0040-9383(92)90015-A",
url = "http://www.sciencedirect.com/science/article/pii/004093839290015A",
author = "V.G. Turaev and O.Y. Viro"
}


@ARTICLE{Lackenby,
   author = {{Lackenby}, M.},
    title = "{A polynomial upper bound on Reidemeister moves}",
  journal = {ArXiv e-prints},
archivePrefix = "arXiv",
   eprint = {1302.0180},
 primaryClass = "math.GT",
 keywords = {Mathematics - Geometric Topology, 57M25, 57N10},
     year = 2013,
    month = feb,
   adsurl = {http://adsabs.harvard.edu/abs/2013arXiv1302.0180L},
  adsnote = {Provided by the SAO/NASA Astrophysics Data System}
}


@ARTICLE{Barrett1,
   author = {{Barrett}, J.~W. and {Westbury}, B.~W.},
    title = "{Invariants of Piecewise-Linear 3-Manifolds}",
  journal = {ArXiv High Energy Physics - Theory e-prints},
   eprint = {hep-th/9311155},
 keywords = {High Energy Physics - Theory, Mathematics - Quantum Algebra},
     year = 1993,
    month = nov,
   adsurl = {http://adsabs.harvard.edu/abs/1993hep.th...11155B},
  adsnote = {Provided by the SAO/NASA Astrophysics Data System}
}

@article{Drinfeld,
	author = {Drinfeld, V. G.},
	location = {Berkeley},
	series = {{Proceedings of the International Congress of Mathematicians}},
	title = {{Quantum Groups}},
	year = {1986}
}
@book{majid2000,
	author = {Majid, Shahn},
	publisher = {Cambridge university press},
	title = {{Foundations of quantum group theory}},
	year = {2000}
}

@article{dijkgraaf,
	author = {Dijkgraaf, Robbert and Pasquier, Vincent and Roche, Philippe},
	journal = {Nuclear Physics B-Proceedings Supplements},
	number = {2},
	pages = {60--72},
	publisher = {Elsevier},
	title = {{Quasi hopf algebras, group cohomology and orbifold models}},
	volume = {18},
	year = {1991}
}

@article{Propitius,
	author = {Propitius, Mark de Wild and Bais, F Alexander},
	journal = {arXiv preprint hep-th/9511201},
	title = {{Discrete gauge theories}},
	year = {1995}
}

@article{preskill,
	author = {Preskill, J},
	journal = {California Institute of Technology},
	title = {{Lecture notes for Physics 219: Quantum computation}},
	year = {2004}
}

@article{collins,
	author = {Collins, G. P.},
	journal = {Scientific American},
	number = {4},
	pages = {56--63},
	publisher = {Nature Publishing Group},
	title = {{Computing with quantum knots}},
	volume = {294},
	year = {2006}
}

@article{kauffman,
	author = {Kauffman, L. H. and {Lomonaco Jr}, S.},
	journal = {New Journal of Physics},
	number = {1},
	pages = {134},
	publisher = {IOP Publishing},
	title = {{Braiding Operators are Universal Quantum Gates}},
	volume = {6},
	year = {2004}
}

@book{pachos,
	author = {Pachos, Jiannis K},
	publisher = {Cambridge University Press},
	title = {{Introduction to topological quantum computation}},
	year = {2012}
}

@article{reshetikhin,
author = "Reshetikhin, N. Yu. and Turaev, V. G.",
fjournal = "Communications in Mathematical Physics",
journal = "Comm. Math. Phys.",
number = "1",
pages = "1--26",
publisher = "Springer",
title = "Ribbon graphs and their invariants derived from quantum groups",
url = "http://projecteuclid.org/euclid.cmp/1104180037",
volume = "127",
year = "1990"
}


@book{Hempel,
  title={3-manifolds},
  author={Hempel, J.},
  isbn={9780821836958},
  lccn={2004048971},
  series={AMS Chelsea Publishing Series},
  url={http://books.google.com.br/books?id=sHSx38EwpHsC},
  year={2004},
  publisher={AMS Chelsea Pub., American Mathematical Society}
}


@ARTICLE{Beigi,
   author = {{Beigi}, S. and {Shor}, P.~W. and {Whalen}, D.},
    title = "{The Quantum Double Model with Boundary: Condensations and Symmetries}",
  journal = {Communications in Mathematical Physics},
archivePrefix = "arXiv",
   eprint = {1006.5479},
 primaryClass = "quant-ph",
     year = 2011,
    month = sep,
   volume = 306,
    pages = {663-694},
      doi = {10.1007/s00220-011-1294-x},
   adsurl = {http://adsabs.harvard.edu/abs/2011CMaPh.306..663B},
  adsnote = {Provided by the SAO/NASA Astrophysics Data System}
}


@ARTICLE{Bombin1,
   author = {{Bombin}, H. and {Martin-Delgado}, M.~A.},
    title = "{Family of non-Abelian Kitaev models on a lattice: Topological condensation and confinement}",
  journal = {prb},
archivePrefix = "arXiv",
   eprint = {0712.0190},
 primaryClass = "cond-mat.str-el",
 keywords = {Theories and models of many-electron systems, Gauge field theories, Quantum error correction and other methods for protection against decoherence, Strongly correlated electron systems, heavy fermions},
     year = 2008,
    month = sep,
   volume = 78,
   number = 11,
      eid = {115421},
    pages = {115421},
      doi = {10.1103/PhysRevB.78.115421},
   adsurl = {http://adsabs.harvard.edu/abs/2008PhRvB..78k5421B},
  adsnote = {Provided by the SAO/NASA Astrophysics Data System}
}


@ARTICLE{Bombin2,
   author = {{Bombin}, H. and {Martin-Delgado}, M.~A.},
    title = "{Nested topological order}",
  journal = {New Journal of Physics},
archivePrefix = "arXiv",
   eprint = {0803.4299},
 primaryClass = "cond-mat.str-el",
     year = 2011,
    month = dec,
   volume = 13,
   number = 12,
      eid = {125001},
    pages = {125001},
      doi = {10.1088/1367-2630/13/12/125001},
   adsurl = {http://adsabs.harvard.edu/abs/2011NJPh...13l5001B},
  adsnote = {Provided by the SAO/NASA Astrophysics Data System}
}


@article{LevinWen,
  title = {String-net condensation:\quad{}A physical mechanism for topological phases},
  author = {Levin, Michael A. and Wen, Xiao-Gang},
  journal = {Phys. Rev. B},
  volume = {71},
  issue = {4},
  pages = {045110},
  numpages = {21},
  year = {2005},
  month = {Jan},
  publisher = {American Physical Society},
  doi = {10.1103/PhysRevB.71.045110},
  url = {http://link.aps.org/doi/10.1103/PhysRevB.71.045110}
}


@ARTICLE{Kitaev4,
   author = {{Kitaev}, A. and {Kong}, L.},
    title = "{Models for Gapped Boundaries and Domain Walls}",
  journal = {Communications in Mathematical Physics},
archivePrefix = "arXiv",
   eprint = {1104.5047},
 primaryClass = "cond-mat.str-el",
     year = 2012,
    month = jul,
   volume = 313,
    pages = {351-373},
      doi = {10.1007/s00220-012-1500-5},
   adsurl = {http://adsabs.harvard.edu/abs/2012CMaPh.313..351K},
  adsnote = {Provided by the SAO/NASA Astrophysics Data System}
}


@ARTICLE{Bernabe,
   author = {{Bernabe Ferreira}, M.~J. and {Padmanabhan}, P. and {Teotonio-Sobrinho}, P.
	},
    title = "{Further Explorations of the Parameter Space of \$3D\$ Lattice Gauge Theories}",
  journal = {ArXiv e-prints},
archivePrefix = "arXiv",
   eprint = {1504.05922},
 primaryClass = "hep-th",
 keywords = {High Energy Physics - Theory, Condensed Matter - Strongly Correlated Electrons},
     year = 2015,
    month = apr,
   adsurl = {http://adsabs.harvard.edu/abs/2015arXiv150405922B},
  adsnote = {Provided by the SAO/NASA Astrophysics Data System}
}


@book{james,
  title={Representations and Characters of Groups},
  author={James, G. and Liebeck, M.W.},
  isbn={9780521003926},
  lccn={2001028708},
  series={Cambridge mathematical textbooks},
  url={http://books.google.com.br/books?id=PiJMr6kZP44C},
  year={2001},
  publisher={Cambridge University Press}
}


@ARTICLE{Bais,
   author = {{Alexander Bais}, F. and {van Driel}, P. and {de Wild Propitius}, M.
	},
    title = "{Quantum symmetries in discrete gauge theories}",
  journal = {Physics Letters B},
   eprint = {hep-th/9203046},
     year = 1992,
    month = apr,
   volume = 280,
    pages = {63-70},
      doi = {10.1016/0370-2693(92)90773-W},
   adsurl = {http://adsabs.harvard.edu/abs/1992PhLB..280...63A},
  adsnote = {Provided by the SAO/NASA Astrophysics Data System}
}


@MISC{Dijkgraaf,
    author = {Robbert Dijkgraaf and Vincent Pasquier and Philippe Roche},
    title = {Quasi-Quantum Groups Related To Orbifold Models},
    year = {1990}
}


@ARTICLE{Etingof,
   author = {{Etingof}, P. and {Nikshych}, D. and {Ostrik}, V.},
    title = "{On fusion categories}",
  journal = {ArXiv Mathematics e-prints},
   eprint = {math/0203060},
 keywords = {Mathematics - Quantum Algebra},
     year = 2002,
    month = mar,
   adsurl = {http://adsabs.harvard.edu/abs/2002math......3060E},
  adsnote = {Provided by the SAO/NASA Astrophysics Data System}
}


@ARTICLE{Rowell,
   author = {{Rowell}, E. and {Stong}, R. and {Wang}, Z.},
    title = "{On classification of modular tensor categories}",
  journal = {ArXiv e-prints},
archivePrefix = "arXiv",
   eprint = {0712.1377},
 primaryClass = "math.QA",
 keywords = {Mathematics - Quantum Algebra, Condensed Matter - Mesoscale and Nanoscale Physics, Mathematics - Geometric Topology},
     year = 2007,
    month = dec,
   adsurl = {http://adsabs.harvard.edu/abs/2007arXiv0712.1377R},
  adsnote = {Provided by the SAO/NASA Astrophysics Data System}
}


@article{Davydov,
title = "Modular invariants for group-theoretical modular data. I ",
journal = "Journal of Algebra ",
volume = "323",
number = "5",
pages = "1321 - 1348",
year = "2010",
note = "",
issn = "0021-8693",
doi = "http://dx.doi.org/10.1016/j.jalgebra.2009.11.041",
url = "http://www.sciencedirect.com/science/article/pii/S0021869309006735",
author = "Alexei Davydov",
keywords = "Modular categories",
keywords = "Modular invariants ",
abstract = "We classify indecomposable commutative separable (special Frobenius) algebras and their local modules in (untwisted) group-theoretical modular categories. This gives a description of modular invariants for group-theoretical modular data. As a bi-product we provide an answer to the question when (and in how many ways) two group-theoretical modular categories are equivalent as ribbon categories. "
}


@article{Cerf,
year={1970},
issn={0073-8301},
journal={Publications Mathématiques de l'Institut des Hautes Études Scientifiques},
volume={39},
number={1},
doi={10.1007/BF02684687},
title={La stratification naturelle des espaces de fonctions différentiables réelles et le théorème de la pseudo-isotopie},
url={http://dx.doi.org/10.1007/BF02684687},
publisher={Springer-Verlag},
author={Cerf, Jean},
pages={7-170},
language={French}
}


@ARTICLE{Hu,
   author = {{Hu}, Y. and {Wan}, Y. and {Wu}, Y.-S.},
    title = "{Twisted quantum double model of topological phases in two dimensions}",
  journal = {\prb},
archivePrefix = "arXiv",
   eprint = {1211.3695},
 primaryClass = "cond-mat.str-el",
 keywords = {Gauge field theories, Fractional statistics systems, Non-Fermi-liquid ground states electron phase diagrams and phase transitions in model systems},
     year = 2013,
    month = mar,
   volume = 87,
   number = 12,
      eid = {125114},
    pages = {125114},
      doi = {10.1103/PhysRevB.87.125114},
   adsurl = {http://adsabs.harvard.edu/abs/2013PhRvB..87l5114H},
  adsnote = {Provided by the SAO/NASA Astrophysics Data System}
}


@ARTICLE{Freedman,
   author = {{Freedman}, M.~H. and {Meyer}, D.~A.},
    title = "{Projective plane and planar quantum codes}",
  journal = {eprint arXiv:quant-ph/9810055},
   eprint = {quant-ph/9810055},
 keywords = {Quantum Physics},
     year = 1998,
    month = oct,
   adsurl = {http://adsabs.harvard.edu/abs/1998quant.ph.10055F},
  adsnote = {Provided by the SAO/NASA Astrophysics Data System}
}


@ARTICLE{Lin,
   author = {{Lin}, C.-H. and {Levin}, M.},
    title = "{Loop braiding statistics in exactly soluble 3D lattice models}",
  journal = {ArXiv e-prints},
archivePrefix = "arXiv",
   eprint = {1503.00142},
 primaryClass = "cond-mat.str-el",
 keywords = {Condensed Matter - Strongly Correlated Electrons},
     year = 2015,
    month = feb,
   adsurl = {http://adsabs.harvard.edu/abs/2015arXiv150300142L},
  adsnote = {Provided by the SAO/NASA Astrophysics Data System}
}


@article{Crane,
      author         = "Crane, Louis and Kauffman, Louis H. and Yetter, David",
      title          = "{Evaluating the Crane-Yetter invariant}",
      year           = "1993",
      eprint         = "hep-th/9309063",
      archivePrefix  = "arXiv",
      primaryClass   = "hep-th",
      reportNumber   = "PRINT-93-0669 (KANSAS-STATE)",
      SLACcitation   = "%%CITATION = HEP-TH/9309063;%%",
}


@ARTICLE{Faria,
   author = {{Faria Martins}, J. and {Porter}, T.},
    title = "{On Yetter's Invariant and an Extension of the Dijkgraaf-Witten Invariant to Categorical Groups}",
  journal = {ArXiv Mathematics e-prints},
   eprint = {math/0608484},
 keywords = {Mathematics - Quantum Algebra, General Relativity and Quantum Cosmology, Mathematics - Geometric Topology, 18F99, 57M27, 57R56, 81T25},
     year = 2006,
    month = aug,
   adsurl = {http://adsabs.harvard.edu/abs/2006math......8484F},
  adsnote = {Provided by the SAO/NASA Astrophysics Data System}
}


@book{georgii,
  title={Gibbs Measures and Phase Transitions},
  author={Georgii, H.O.},
  number={v. 9},
  isbn={9780899254623},
  lccn={lc88020372},
  series={De Gruyter studies in mathematics},
  url={http://books.google.com.br/books?id=3YdI0yww12QC},
  year={1988},
  publisher={W. de Gruyter}
}


@ARTICLE{Strocchi,
   author = {{Strocchi}, F.},
    title = "{Symmetries, Symmetry Breaking, Gauge Symmetries}",
  journal = {ArXiv e-prints},
archivePrefix = "arXiv",
   eprint = {1502.06540},
 keywords = {Physics - History and Philosophy of Physics, High Energy Physics - Theory, 81R40, 81P05, 81T13},
     year = 2015,
    month = feb,
   adsurl = {http://adsabs.harvard.edu/abs/2015arXiv150206540S},
  adsnote = {Provided by the SAO/NASA Astrophysics Data System}
}


@book{milnor,
  title={Characteristic Classes, by John W. Milnor and James D. Stasheff},
  author={Milnor, J.W. and Stasheff, J.},
  lccn={10021929},
  series={Annals of Mathematics Studies, No. 76},
  url={https://books.google.com.br/books?id=0eYDcgAACAAJ},
  year={1974}
}


@ARTICLE{Zohar,
   author = {{Zohar}, E. and {Cirac}, J.~I. and {Reznik}, B.},
    title = "{Quantum Simulations of Lattice Gauge Theories using Ultracold Atoms in Optical Lattices}",
  journal = {ArXiv e-prints},
archivePrefix = "arXiv",
   eprint = {1503.02312},
 primaryClass = "quant-ph",
 keywords = {Quantum Physics, Condensed Matter - Quantum Gases, High Energy Physics - Lattice, High Energy Physics - Theory},
     year = 2015,
    month = mar,
   adsurl = {http://adsabs.harvard.edu/abs/2015arXiv150302312Z},
  adsnote = {Provided by the SAO/NASA Astrophysics Data System}
}


@ARTICLE{Ioffe,
   author = {{Dou{\c c}ot}, B. and {Ioffe}, L.~B. and {Vidal}, J.},
    title = "{Discrete non-Abelian gauge theories in Josephson-junction arrays and quantum computation}",
  journal = {prb},
   eprint = {cond-mat/0302104},
 keywords = {Josephson devices, Superconducting logic elements and memory devices, microelectronic circuits, Quantum computation, Quantum error correction and other methods for protection against decoherence},
     year = 2004,
    month = jun,
   volume = 69,
   number = 21,
      eid = {214501},
    pages = {214501},
      doi = {10.1103/PhysRevB.69.214501},
   adsurl = {http://adsabs.harvard.edu/abs/2004PhRvB..69u4501D},
  adsnote = {Provided by the SAO/NASA Astrophysics Data System}
}


@ARTICLE{Zhu,
   author = {{Zhu}, W. and {Gong}, S.~S. and {Haldane}, F.~D.~M. and {Sheng}, D.~N.
	},
    title = "{Topological Characterization of Non-Abelian Moore-Read State using Density-Matrix Renormailzation Group}",
  journal = {ArXiv e-prints},
archivePrefix = "arXiv",
   eprint = {1412.8115},
 primaryClass = "cond-mat.str-el",
 keywords = {Condensed Matter - Strongly Correlated Electrons},
     year = 2014,
    month = dec,
   adsurl = {http://adsabs.harvard.edu/abs/2014arXiv1412.8115Z},
  adsnote = {Provided by the SAO/NASA Astrophysics Data System}
}


@ARTICLE{Thacker,
   author = {{Thacker}, H.~B. and {Wong}, G.},
    title = "{Bosonization and the Berry connection in two-dimensional QED}",
  journal = {prd},
archivePrefix = "arXiv",
   eprint = {1409.0778},
 primaryClass = "hep-th",
 keywords = {Chiral Lagrangians, Gauge field theories, Lattice gauge theory, General properties of QCD},
     year = 2015,
    month = mar,
   volume = 91,
   number = 6,
      eid = {065009},
    pages = {065009},
      doi = {10.1103/PhysRevD.91.065009},
   adsurl = {http://adsabs.harvard.edu/abs/2015PhRvD..91f5009T},
  adsnote = {Provided by the SAO/NASA Astrophysics Data System}
}


@article{LevinGu,
  title = {Braiding statistics approach to symmetry-protected topological phases},
  author = {Levin, Michael and Gu, Zheng-Cheng},
  journal = {Phys. Rev. B},
  volume = {86},
  issue = {11},
  pages = {115109},
  numpages = {15},
  year = {2012},
  month = {Sep},
  publisher = {American Physical Society},
  doi = {10.1103/PhysRevB.86.115109},
  url = {http://link.aps.org/doi/10.1103/PhysRevB.86.115109}
}


@article{Mesaros,
  title = {Classification of symmetry enriched topological phases with exactly solvable models},
  author = {Mesaros, Andrej and Ran, Ying},
  journal = {Phys. Rev. B},
  volume = {87},
  issue = {15},
  pages = {155115},
  numpages = {48},
  year = {2013},
  month = {Apr},
  publisher = {American Physical Society},
  doi = {10.1103/PhysRevB.87.155115},
  url = {http://link.aps.org/doi/10.1103/PhysRevB.87.155115}
}

@ARTICLE{Matter,
   author = {{Bernab{\'e} Ferreira}, M.~J. and {Ibieta Jimenez}, J.~P. and 
	{Padmanabhan}, P. and {Te{\^o}tonio Sobrinho}, P.},
    title = "{A Recipe for Constructing Frustration-Free Hamiltonians with Gauge and Matter Fields in One and Two Dimensions}",
  journal = {ArXiv e-prints},
archivePrefix = "arXiv",
   eprint = {1503.07601},
 primaryClass = "cond-mat.str-el",
 keywords = {Condensed Matter - Strongly Correlated Electrons, High Energy Physics - Lattice, High Energy Physics - Theory, Mathematical Physics},
     year = 2015,
    month = mar,
   adsurl = {http://adsabs.harvard.edu/abs/2015arXiv150307601B},
  adsnote = {Provided by the SAO/NASA Astrophysics Data System}
}

@book{fourier,
  title={Fourier Analysis on Finite Groups and Applications},
  author={Terras, A.},
  isbn={9780521457187},
  lccn={98036455},
  series={London Mathematical Society Student Texts},
  url={https://books.google.ch/books?id=-B2TA669dJMC},
  year={1999},
  publisher={Cambridge University Press}
}

@article{Potts,
  title = {The Potts model},
  author = {Wu, F. Y.},
  journal = {Rev. Mod. Phys.},
  volume = {54},
  issue = {1},
  pages = {235--268},
  numpages = {0},
  year = {1982},
  month = {Jan},
  publisher = {American Physical Society},
  doi = {10.1103/RevModPhys.54.235},
  url = {http://link.aps.org/doi/10.1103/RevModPhys.54.235}
}

@ARTICLE{Shrock,
   author = {{Shrock}, R. and {Xu}, Y.},
    title = "{Exact Results on Potts Model Partition Functions in a Generalized External Field and Weighted-Set Graph Colorings}",
  journal = {Journal of Statistical Physics},
archivePrefix = "arXiv",
   eprint = {1009.1182},
 primaryClass = "cond-mat.stat-mech",
 keywords = {Potts model in an external field, Weighted-set graph colorings},
     year = 2010,
    month = dec,
   volume = 141,
    pages = {909-939},
      doi = {10.1007/s10955-010-0089-3},
   adsurl = {http://adsabs.harvard.edu/abs/2010JSP...141..909S},
  adsnote = {Provided by the SAO/NASA Astrophysics Data System}
}

@ARTICLE{Beaudin,
   author = {{Beaudin}, L. and {Ellis-Monaghan}, J. and {Pangborn}, G. and 
	{Shrock}, R.},
    title = "{A Little Statistical Mechanics for the Graph Theorist}",
  journal = {ArXiv e-prints},
archivePrefix = "arXiv",
   eprint = {0804.2468},
 primaryClass = "math.CO",
 keywords = {Mathematics - Combinatorics, 05-02 (Primary) 05C90 (Secondary)},
     year = 2008,
    month = apr,
   adsurl = {http://adsabs.harvard.edu/abs/2008arXiv0804.2468B},
  adsnote = {Provided by the SAO/NASA Astrophysics Data System}
}

@article{Kogut,
  title = {An introduction to lattice gauge theory and spin systems},
  author = {Kogut, John B.},
  journal = {Rev. Mod. Phys.},
  volume = {51},
  issue = {4},
  pages = {659--713},
  numpages = {0},
  year = {1979},
  month = {Oct},
  publisher = {American Physical Society},
  doi = {10.1103/RevModPhys.51.659},
  url = {http://link.aps.org/doi/10.1103/RevModPhys.51.659}
}


@book{Hatcher,
  title={Algebraic Topology},
  author={Hatcher, A.},
  isbn={9780521795401},
  lccn={00065166},
  url={https://books.google.com.br/books?id=BjKs86kosqgC},
  year={2002},
  publisher={Cambridge University Press}
}


@article {Rasmus,
    AUTHOR = {M\o gelberg, Rasmus Ejlers},
     TITLE = {A natural classifying space for cohomology with coefficients
              in a finite chain complex},
      NOTE = {Spring Topology and Dynamical Systems Conference},
   JOURNAL = {Topology Proc.},
  FJOURNAL = {Topology Proceedings},
    VOLUME = {28},
      YEAR = {2004},
    NUMBER = {1},
     PAGES = {199--217},
      ISSN = {0146-4124},
   MRCLASS = {55N20 (18G60)},
  MRNUMBER = {2105458},
MRREVIEWER = {Donald M. Davis},
}


@article {Brown,
    AUTHOR = {Brown, R.},
     TITLE = {Cohomology with chains as coefficients},
   JOURNAL = {Proc. London Math. Soc. (3)},
  FJOURNAL = {Proceedings of the London Mathematical Society. Third Series},
    VOLUME = {14},
      YEAR = {1964},
     PAGES = {545--565},
      ISSN = {0024-6115},
   MRCLASS = {55.30 (18.20)},
  MRNUMBER = {0163301},
MRREVIEWER = {A. Dold},
       DOI = {10.1112/plms/s3-14.3.545},
       URL = {http://dx.doi.org/10.1112/plms/s3-14.3.545},
}


@article{Kapustin13,
  title={Higher symmetry and gapped phases of gauge theories},
  author={Kapustin, Anton and Thorngren, Ryan},
  journal={arXiv preprint arXiv:1309.4721},
  year={2013}
}


@article{Bullivant16,
  title = {Topological phases from higher gauge symmetry in $3+1$ dimensions},
  author = {Bullivant, Alex and Cal\ifmmode \mbox{\c{c}}\else \c{c}\fi{}ada, Marcos and K\'ad\'ar, Zolt\'an and Martin, Paul and Martins, Jo\~ao Faria},
  journal = {Phys. Rev. B},
  volume = {95},
  issue = {15},
  pages = {155118},
  numpages = {21},
  year = {2017},
  month = {Apr},
  publisher = {American Physical Society},
  doi = {10.1103/PhysRevB.95.155118},
  url = {https://link.aps.org/doi/10.1103/PhysRevB.95.155118}
}


@article{Williamson16,
  title={Hamiltonian realizations of (3+ 1)-TQFTs},
  author={Williamson, Dominic J and Wang, Zhenghan},
  journal={arXiv preprint arXiv:1606.07144},
  year={2016}
}


@article{Bullivant17,
  title={Higher lattices, discrete two-dimensional holonomy and topological phases in (3+ 1) D with higher gauge symmetry},
  author={Bullivant, Alex and Calcada, Marcos and K{\'a}d{\'a}r, Zolt{\'a}n and Martins, Jo{\~a}o Faria and Martin, Paul},
  journal={arXiv preprint arXiv:1702.00868},
  year={2017}
}

@Article{Dijkgraaf90,
author="Dijkgraaf, Robbert
and Witten, Edward",
title="Topological gauge theories and group cohomology",
journal="Communications in Mathematical Physics",
year="1990",
volume="129",
number="2",
pages="393--429",
abstract="We show that three dimensional Chern-Simons gauge theories with a compact gauge groupG (not necessarily connected or simply connected) can be classified by the integer cohomology groupH4(BG,Z). In a similar way, possible Wess-Zumino interactions of such a groupG are classified byH3(G,Z). The relation between three dimensional Chern-Simons gauge theory and two dimensional sigma models involves a certain natural map fromH4(BG,Z) toH3(G,Z). We generalize this correspondence to topological ``spin'' theories, which are defined on three manifolds with spin structure, and are related to what might be calledZ2 graded chiral algebras (or chiral superalgebras) in two dimensions. Finally we discuss in some detail the formulation of these topological gauge theories for the special case of a finite group, establishing links with two dimensional (holomorphic) orbifold models.",
issn="1432-0916",
doi="10.1007/BF02096988",
url="http://dx.doi.org/10.1007/BF02096988"
}


@article{Yetter,
  title={A categorical construction of 4D topological quantum field theories},
  author={Crane, Louis and Yetter, David},
  journal={Quantum topology},
  volume={3},
  year={1993},
  publisher={World Scientific, Singapore}
}

@article{Hastings,
  title={Quantum Codes from High-Dimensional Manifolds},
  author={Hastings, MB},
  journal={arXiv preprint arXiv:1608.05089},
  year={2016}
}

@article{CalderbankCSS,
  title={Good quantum error-correcting codes exist},
  author={Calderbank, A Robert and Shor, Peter W},
  journal={Physical Review A},
  volume={54},
  number={2},
  pages={1098},
  year={1996},
  publisher={APS}
}


@article{Bombin07,
	author = {H. Bombin and M. A. Martin-Delgado},
	title = {Homological error correction: Classical and quantum codes},
	journal = {Journal of Mathematical Physics},
	volume = {48},
	number = {5},
	pages = {052105},
	year = {2007},
	doi = {10.1063/1.2731356},
	URL = { http://dx.doi.org/10.1063/1.2731356 },
	eprint = {  http://dx.doi.org/10.1063/1.2731356 }
}


@article{Bombin13,
  title={An Introduction to Topological Quantum Codes},
  author={Bombin, H},
  journal={arXiv preprint arXiv:1311.0277},
  year={2013}
}


@ARTICLE{Devitt,
   author = {{Devitt}, S.~J. and {Munro}, W.~J. and {Nemoto}, K.},
    title = "{Quantum error correction for beginners}",
  journal = {Reports on Progress in Physics},
archivePrefix = "arXiv",
   eprint = {0905.2794},
 primaryClass = "quant-ph",
     year = 2013,
    month = jul,
   volume = 76,
   number = 7,
      eid = {076001},
    pages = {076001},
      doi = {10.1088/0034-4885/76/7/076001},
   adsurl = {http://adsabs.harvard.edu/abs/2013RPPh...76g6001D},
  adsnote = {Provided by the SAO/NASA Astrophysics Data System}
}


@ARTICLE{Robins,
   author = {{Robins}, V.},
    title = "{Algebraic Topology}",
  journal = {ArXiv e-prints},
archivePrefix = "arXiv",
   eprint = {1304.7846},
 primaryClass = "math-ph",
 keywords = {Mathematical Physics, Computer Science - Computational Geometry, Mathematics - Algebraic Topology},
     year = 2013,
    month = apr,
   adsurl = {http://adsabs.harvard.edu/abs/2013arXiv1304.7846R},
  adsnote = {Provided by the SAO/NASA Astrophysics Data System}
}

@article{Wen89,
  title={Vacuum degeneracy of chiral spin states in compactified space},
  author={Wen, Xiao-Gang},
  journal={Physical Review B},
  volume={40},
  number={10},
  pages={7387},
  year={1989},
  publisher={APS}
}

@article{Wen90,
  title={Topological orders in rigid states},
  author={Wen, Xiao-Gang},
  journal={International Journal of Modern Physics B},
  volume={4},
  number={02},
  pages={239--271},
  year={1990},
  publisher={World Scientific}
}

@book{Wen04,
  title={Quantum field theory of many-body systems: from the origin of sound to an origin of light and electrons},
  author={Wen, Xiao-Gang},
  year={2004},
  publisher={Oxford University Press on Demand}
}



@book{Sarma08,
  title={Perspectives in quantum hall effects: Novel quantum liquids in low-dimensional semiconductor structures},
  author={Sarma, Sankar Das and Pinczuk, Aron},
  year={2008},
  publisher={John Wiley \& Sons}
}

@article{Anderson87,
  title={The resonating valence bond state in La2CuO4 and superconductivity},
  author={Anderson, PW},
  year={1987}
}

@article{Nayak08,
  title={Non-Abelian anyons and topological quantum computation},
  author={Nayak, Chetan and Simon, Steven H and Stern, Ady and Freedman, Michael and Sarma, Sankar Das},
  journal={Reviews of Modern Physics},
  volume={80},
  number={3},
  pages={1083},
  year={2008},
  publisher={APS}
}

@article{Freedman03,
  title={Topological quantum computation},
  author={Freedman, Michael and Kitaev, Alexei and Larsen, Michael and Wang, Zhenghan},
  journal={Bulletin of the American Mathematical Society},
  volume={40},
  number={1},
  pages={31--38},
  year={2003}
}

@article{Shor95,
  title={Scheme for reducing decoherence in quantum computer memory},
  author={Shor, Peter W},
  journal={Physical review A},
  volume={52},
  number={4},
  pages={R2493},
  year={1995},
  publisher={APS}
}

@article{Steane96,
  title={Error correcting codes in quantum theory},
  author={Steane, Andrew M},
  journal={Physical Review Letters},
  volume={77},
  number={5},
  pages={793},
  year={1996},
  publisher={APS}
}

@article{Laflamme96,
  title={Perfect quantum error correcting code},
  author={Laflamme, Raymond and Miquel, Cesar and Paz, Juan Pablo and Zurek, Wojciech Hubert},
  journal={Physical Review Letters},
  volume={77},
  number={1},
  pages={198},
  year={1996},
  publisher={APS}
}


@ARTICLE{QDM,
   author = {{Naaijkens}, P.},
    title = "{Kitaev's quantum double model from a local quantum physics point of view}",
  journal = {ArXiv e-prints},
archivePrefix = "arXiv",
   eprint = {1508.07170},
 primaryClass = "math-ph",
 keywords = {Mathematical Physics, Quantum Physics},
     year = 2015,
    month = aug,
   adsurl = {http://adsabs.harvard.edu/abs/2015arXiv150807170N},
  adsnote = {Provided by the SAO/NASA Astrophysics Data System}
}


@ARTICLE{Baez1,
   author = {{Baez}, J.~C. and {Schreiber}, U.},
    title = "{Higher Gauge Theory}",
  journal = {ArXiv Mathematics e-prints},
   eprint = {math/0511710},
 keywords = {Mathematics - Differential Geometry, Mathematics - Category Theory},
     year = 2005,
    month = nov,
   adsurl = {http://adsabs.harvard.edu/abs/2005math.....11710B},
  adsnote = {Provided by the SAO/NASA Astrophysics Data System}
}


@ARTICLE{Baez2,
   author = {{Baez}, J.~C. and {Huerta}, J.},
    title = "{An invitation to higher gauge theory}",
  journal = {General Relativity and Gravitation},
archivePrefix = "arXiv",
   eprint = {1003.4485},
 primaryClass = "hep-th",
 keywords = {Category, Gerbe, Higher gauge theory, String, 2-category, 2-group},
     year = 2011,
    month = sep,
   volume = 43,
    pages = {2335-2392},
      doi = {10.1007/s10714-010-1070-9},
   adsurl = {http://adsabs.harvard.edu/abs/2011GReGr..43.2335B},
  adsnote = {Provided by the SAO/NASA Astrophysics Data System}
}


@ARTICLE{Shor1,
   author = {{Calderbank}, A.~R. and {Shor}, P.~W.},
    title = "{Good quantum error-correcting codes exist}",
  journal = {\pra},
   eprint = {quant-ph/9512032},
 keywords = {Information theory and communication theory},
     year = 1996,
    month = aug,
   volume = 54,
    pages = {1098-1105},
      doi = {10.1103/PhysRevA.54.1098},
   adsurl = {http://adsabs.harvard.edu/abs/1996PhRvA..54.1098C},
  adsnote = {Provided by the SAO/NASA Astrophysics Data System}
}


@article{Shor2,
  title = {Scheme for reducing decoherence in quantum computer memory},
  author = {Shor, Peter W.},
  journal = {Phys. Rev. A},
  volume = {52},
  issue = {4},
  pages = {R2493--R2496},
  numpages = {0},
  year = {1995},
  month = {Oct},
  publisher = {American Physical Society},
  doi = {10.1103/PhysRevA.52.R2493},
  url = {http://link.aps.org/doi/10.1103/PhysRevA.52.R2493}
}


@ARTICLE{Steane,
   author = {{Steane}, A.},
    title = "{Multiple-Particle Interference and Quantum Error Correction}",
  journal = {Proceedings of the Royal Society of London Series A},
   eprint = {quant-ph/9601029},
     year = 1996,
    month = nov,
   volume = 452,
    pages = {2551-2577},
      doi = {10.1098/rspa.1996.0136},
   adsurl = {http://adsabs.harvard.edu/abs/1996RSPSA.452.2551S},
  adsnote = {Provided by the SAO/NASA Astrophysics Data System}
}


@ARTICLE{Crans,
   author = {{Crans}, A.~S. and {Wagemann}, F.},
    title = "{Crossed modules of racks}",
  journal = {ArXiv e-prints},
archivePrefix = "arXiv",
   eprint = {1310.4705},
 primaryClass = "math.QA",
 keywords = {Mathematics - Quantum Algebra, 18B40, 18D05, 18D35, 20L05, 57M10, 57M25, 57Q45},
     year = 2013,
    month = oct,
   adsurl = {http://adsabs.harvard.edu/abs/2013arXiv1310.4705C},
  adsnote = {Provided by the SAO/NASA Astrophysics Data System}
}


@ARTICLE{Forrester,
   author = {{Forrester-Barker}, M.},
    title = "{Group Objects and Internal Categories}",
  journal = {ArXiv Mathematics e-prints},
   eprint = {math/0212065},
 keywords = {Category Theory},
     year = 2002,
    month = dec,
   adsurl = {http://adsabs.harvard.edu/abs/2002math.....12065F},
  adsnote = {Provided by the SAO/NASA Astrophysics Data System}
}
@article{Yoshida16,
  title = {Topological phases with generalized global symmetries},
  author = {Yoshida, Beni},
  journal = {Phys. Rev. B},
  volume = {93},
  issue = {15},
  pages = {155131},
  numpages = {18},
  year = {2016},
  month = {Apr},
  publisher = {American Physical Society},
  doi = {10.1103/PhysRevB.93.155131},
  url = {https://link.aps.org/doi/10.1103/PhysRevB.93.155131}
}

@article{Yoshida15,
  title = {Topological color code and symmetry-protected topological phases},
  author = {Yoshida, Beni},
  journal = {Phys. Rev. B},
  volume = {91},
  issue = {24},
  pages = {245131},
  numpages = {14},
  year = {2015},
  month = {Jun},
  publisher = {American Physical Society},
  doi = {10.1103/PhysRevB.91.245131},
  url = {https://link.aps.org/doi/10.1103/PhysRevB.91.245131}
}
@article{Yoshida17,
  title={Gapped boundaries, group cohomology and fault-tolerant logical gates},
  author={Yoshida, Beni},
  journal={Annals of Physics},
  volume={377},
  pages={387--413},
  year={2017},
  publisher={Elsevier}
}

@Article{Atiyah88,
author="Atiyah, Michael",
title="Topological quantum field theories",
journal="Publications Math{\'e}matiques de l'Institut des Hautes {\'E}tudes Scientifiques",
year="1988",
volume="68",
number="1",
pages="175--186",
issn="1618-1913",
doi="10.1007/BF02698547",
url="http://dx.doi.org/10.1007/BF02698547"
}

@article{Chen-Wen13,
  title = {Symmetry protected topological orders and the group cohomology of their symmetry group},
  author = {Chen, Xie and Gu, Zheng-Cheng and Liu, Zheng-Xin and Wen, Xiao-Gang},
  journal = {Phys. Rev. B},
  volume = {87},
  issue = {15},
  pages = {155114},
  numpages = {48},
  year = {2013},
  month = {Apr},
  publisher = {American Physical Society},
  doi = {10.1103/PhysRevB.87.155114},
  url = {https://link.aps.org/doi/10.1103/PhysRevB.87.155114}
}

@article{Kapustin14,
  title={Symmetry protected topological phases, anomalies, and cobordisms: beyond group cohomology},
  author={Kapustin, Anton},
  journal={arXiv preprint arXiv:1403.1467},
  year={2014}
}

@article{Oshikawa10,
  title = {Entanglement spectrum of a topological phase in one dimension},
  author = {Pollmann, Frank and Turner, Ari M. and Berg, Erez and Oshikawa, Masaki},
  journal = {Phys. Rev. B},
  volume = {81},
  issue = {6},
  pages = {064439},
  numpages = {10},
  year = {2010},
  month = {Feb},
  publisher = {American Physical Society},
  doi = {10.1103/PhysRevB.81.064439},
  url = {https://link.aps.org/doi/10.1103/PhysRevB.81.064439}
}
@article{Oshikawa12,
  title = {Symmetry protection of topological phases in one-dimensional quantum spin systems},
  author = {Pollmann, Frank and Berg, Erez and Turner, Ari M. and Oshikawa, Masaki},
  journal = {Phys. Rev. B},
  volume = {85},
  issue = {7},
  pages = {075125},
  numpages = {9},
  year = {2012},
  month = {Feb},
  publisher = {American Physical Society},
  doi = {10.1103/PhysRevB.85.075125},
  url = {https://link.aps.org/doi/10.1103/PhysRevB.85.075125}
}

@article {Chen12,
	author = {Chen, Xie and Gu, Zheng-Cheng and Liu, Zheng-Xin and Wen, Xiao-Gang},
	title = {Symmetry-Protected Topological Orders in Interacting Bosonic Systems},
	volume = {338},
	number = {6114},
	pages = {1604--1606},
	year = {2012},
	doi = {10.1126/science.1227224},
	publisher = {American Association for the Advancement of Science},
	abstract = {Symmetry-protected topological (SPT) phases are bulk-gapped quantum phases with symmetries, which have gapless or degenerate boundary states as long as the symmetries are not broken. The SPT phases in free fermion systems, such as topological insulators, can be classified; however, it is not known what SPT phases exist in general interacting systems. We present a systematic way to construct SPT phases in interacting bosonic systems. Just as group theory allows us to construct 230 crystal structures in three-dimensional space, we use group cohomology theory to systematically construct different interacting bosonic SPT phases in any dimension and with any symmetry, leading to the discovery of bosonic topological insulators and superconductors.},
	issn = {0036-8075},
	URL = {http://science.sciencemag.org/content/338/6114/1604},
	eprint = {http://science.sciencemag.org/content/338/6114/1604.full.pdf},
	journal = {Science}
}

@article{Wen-Gu09,
  title = {Tensor-entanglement-filtering renormalization approach and symmetry-protected topological order},
  author = {Gu, Zheng-Cheng and Wen, Xiao-Gang},
  journal = {Phys. Rev. B},
  volume = {80},
  issue = {15},
  pages = {155131},
  numpages = {23},
  year = {2009},
  month = {Oct},
  publisher = {American Physical Society},
  doi = {10.1103/PhysRevB.80.155131},
  url = {https://link.aps.org/doi/10.1103/PhysRevB.80.155131}
}
@article{Fidkowsky11,
  title = {Topological phases of fermions in one dimension},
  author = {Fidkowski, Lukasz and Kitaev, Alexei},
  journal = {Phys. Rev. B},
  volume = {83},
  issue = {7},
  pages = {075103},
  numpages = {13},
  year = {2011},
  month = {Feb},
  publisher = {American Physical Society},
  doi = {10.1103/PhysRevB.83.075103},
  url = {https://link.aps.org/doi/10.1103/PhysRevB.83.075103}
}

@inproceedings{Bravyi14,
  title={Homological product codes},
  author={Bravyi, Sergey and Hastings, Matthew B},
  booktitle={Proceedings of the 46th Annual ACM Symposium on Theory of Computing},
  pages={273--282},
  year={2014},
  organization={ACM}
}
@article{Bravyi98,
  title={Quantum codes on a lattice with boundary},
  author={Bravyi, Sergey B and Kitaev, A Yu},
  journal={arXiv preprint quant-ph/9811052},
  year={1998}
}

@article{Vrana15,
  title={Homological codes and abelian anyons},
  author={Vrana, P{\'e}ter and Farkas, M{\'a}t{\'e}},
  journal={arXiv preprint arXiv:1505.01001},
  year={2015}
}

@article{Anderson13hom,
  title={Homological stabilizer codes},
  author={Anderson, Jonas T},
  journal={Annals of Physics},
  volume={330},
  pages={1--22},
  year={2013},
  publisher={Elsevier}
}

@article{Keyserlingk13,
  title = {Three-dimensional topological lattice models with surface anyons},
  author = {von Keyserlingk, C. W. and Burnell, F. J. and Simon, S. H.},
  journal = {Phys. Rev. B},
  volume = {87},
  issue = {4},
  pages = {045107},
  numpages = {35},
  year = {2013},
  month = {Jan},
  publisher = {American Physical Society},
  doi = {10.1103/PhysRevB.87.045107},
  url = {https://link.aps.org/doi/10.1103/PhysRevB.87.045107}
}


@book{serre,
  title={Linear Representations of Finite Groups},
  author={Serre, J.P.},
  series={Graduate texts in mathematics},
  url={https://books.google.com.br/books?id=ILzwngEACAAJ},
  year={1996},
  publisher={Springer-Verlag}
}


@book{fulton,
  title={Representation Theory: A First Course},
  author={Fulton, W. and Harris, J.},
  isbn={9780387974958},
  lccn={96165313},
  series={Graduate Texts in Mathematics},
  url={https://books.google.com.br/books?id=qGFzi20nMcYC},
  year={1991},
  publisher={Springer New York}
}

@article{Laughlin,
	author = {Laughlin, R. B.},
	doi = {10.1103/PhysRevB.23.5632},
	issue = {10},
	journal = {Phys. Rev. B},
	month = {May},
	numpages = {0},
	pages = {5632--5633},
	publisher = {American Physical Society},
	title = {{Quantized Hall conductivity in two dimensions}},
	url = {http://link.aps.org/doi/10.1103/PhysRevB.23.5632},
	volume = {23},
	year = {1981}
}

@article{Haldane,
	author = {Haldane, F. D. M.},
	doi = {10.1103/PhysRevLett.51.605},
	issue = {7},
	journal = {Phys. Rev. Lett.},
	month = {Aug},
	numpages = {0},
	pages = {605--608},
	publisher = {American Physical Society},
	title = {{Fractional Quantization of the Hall Effect: A Hierarchy of Incompressible Quantum Fluid States}},
	url = {http://link.aps.org/doi/10.1103/PhysRevLett.51.605},
	volume = {51},
	year = {1983}
}

@article{Wen1,
	author = {Wen, X. G. and Niu, Q.},
	doi = {10.1103/PhysRevB.41.9377},
	issue = {13},
	journal = {Phys. Rev. B},
	month = {May},
	numpages = {0},
	pages = {9377--9396},
	publisher = {American Physical Society},
	title = {{Ground-state degeneracy of the fractional quantum Hall states in the presence of a random potential and on high-genus Riemann surfaces}},
	url = {http://link.aps.org/doi/10.1103/PhysRevB.41.9377},
	volume = {41},
	year = {1990}
}

@article{Wen2,
	author = {Wen, Xiao-Gang},
	doi = {10.1080/00018739500101566},
	eprint = {http://dx.doi.org/10.1080/00018739500101566},
	journal = {Advances in Physics},
	number = {5},
	pages = {405--473},
	title = {{Topological orders and edge excitations in fractional quantum Hall states}},
	url = {http://dx.doi.org/10.1080/00018739500101566},
	volume = {44},
	year = {1995}
}

@article{Wen3,
	author = {Wen, X. G.},
	doi = {10.1103/PhysRevB.40.7387},
	issue = {10},
	journal = {Phys. Rev. B},
	month = {Oct},
	numpages = {0},
	pages = {7387--7390},
	publisher = {American Physical Society},
	title = {{Vacuum degeneracy of chiral spin states in compactified space}},
	url = {http://link.aps.org/doi/10.1103/PhysRevB.40.7387},
	volume = {40},
	year = {1989}
}

@article{Wen4,
	author = {Wen, X. G.},
	doi = {10.1142/S0217979290000139},
	eprint = {http://www.worldscientific.com/doi/pdf/10.1142/S0217979290000139},
	journal = {International Journal of Modern Physics B},
	number = {02},
	pages = {239--271},
	title = {{Topological Orders in Rigid States}},
	url = {http://www.worldscientific.com/doi/abs/10.1142/S0217979290000139},
	volume = {04},
	year = {1990}
}

@article{Oshikawa-Senthil,
	author = {Oshikawa, Masaki and Senthil, T.},
	doi = {10.1103/PhysRevLett.96.060601},
	issue = {6},
	journal = {Phys. Rev. Lett.},
	month = {Feb},
	numpages = {4},
	pages = {060601},
	publisher = {American Physical Society},
	title = {{Fractionalization, Topological Order, and Quasiparticle Statistics}},
	url = {http://link.aps.org/doi/10.1103/PhysRevLett.96.060601},
	volume = {96},
	year = {2006}
}

@incollection{Oshikawa,
	author = {Oshikawa, Masaki},
	booktitle = {{Understanding Quantum Phase Transitions}},
	chapter = {4},
	editor = {Carr, Lincoln D.},
	pages = {91--113},
	publisher = {CRC Press},
	series = {{Condensed Matter Physics}},
	title = {{Fractionalization and Topological Order}},
	year = {2010}
}

@article{Znmodels,
	title={A Hierarchy of Topological Orders in Arbitrary Dimensions},
    author={C. Almeida, Ricardo and Ibieta-Jimenez J.P. and Teotônio-Sobrinho, Paulo},
    journal={in preparation},
    year={2017}
}

@article{higher,
	title={Topological Order from Higher Gauge Theories and Cohomology},
	author={C. Almeida, R. and Ibieta-Jimenez, J. P. and Lorca Espiro, J and Teotônio-Sobrinho, P.},
    journal={in preparation},
    year={2017}
}

}
@thesis{kazuothesis,
	author={T. Mendonça, Kazuo},
	year={2017},
	institution = {Instituto de F{\'i}sica},
	school = {Universidade de S{\~a}o Paulo},
	title={(3+1) Topological Quantum Field theories and the Yetter-s 2-type invariant.},
}
@masterthesis{ricardo,
	author={C. Almeida, Ricardo},
    year={2017},
    institution = {Instituto de F{\'i}sica},
	school = {Universidade de S{\~a}o Paulo},
	title={(3+1) Topological phases from the Yetter's 2-type invariant: Hamiltonian Formalism}
}


@article{PRB.16,
  title = {Fracton topological order, generalized lattice gauge theory, and duality},
  author = {Vijay, Sagar and Haah, Jeongwan and Fu, Liang},
  journal = {Phys. Rev. B},
  volume = {94},
  issue = {23},
  pages = {235157},
  numpages = {9},
  year = {2016},
  month = {Dec},
  publisher = {American Physical Society},
  doi = {10.1103/PhysRevB.94.235157},
  url = {https://link.aps.org/doi/10.1103/PhysRevB.94.235157}
}

@article{chamon05,
  title={Quantum glassiness in strongly correlated clean systems: an example of topological overprotection},
  author={Chamon, Claudio},
  journal={Physical review letters},
  volume={94},
  number={4},
  pages={040402},
  year={2005},
  publisher={APS}
}

@article{bravyi11,
  title={Topological order in an exactly solvable 3D spin model},
  author={Bravyi, Sergey and Leemhuis, Bernhard and Terhal, Barbara M},
  journal={Annals of Physics},
  volume={326},
  number={4},
  pages={839--866},
  year={2011},
  publisher={Elsevier}
}

@article{castelnovo12,
  title={Topological quantum glassiness},
  author={Castelnovo, Claudio and Chamon, Claudio},
  journal={Philosophical Magazine},
  volume={92},
  number={1-3},
  pages={304--323},
  year={2012},
  publisher={Taylor \& Francis}
}

@article{haah11,
  title={Local stabilizer codes in three dimensions without string logical operators},
  author={Haah, Jeongwan},
  journal={Physical Review A},
  volume={83},
  number={4},
  pages={042330},
  year={2011},
  publisher={APS}
}

@article{bravyi13,
  title={Quantum self-correction in the 3d cubic code model},
  author={Bravyi, Sergey and Haah, Jeongwan},
  journal={Physical review letters},
  volume={111},
  number={20},
  pages={200501},
  year={2013},
  publisher={APS}
}


@article{yoshida13,
  title={Exotic topological order in fractal spin liquids},
  author={Yoshida, Beni},
  journal={Physical Review B},
  volume={88},
  number={12},
  pages={125122},
  year={2013},
  publisher={APS}
}

@article{vijay15,
  title={A new kind of topological quantum order: A dimensional hierarchy of quasiparticles built from stationary excitations},
  author={Vijay, Sagar and Haah, Jeongwan and Fu, Liang},
  journal={Physical Review B},
  volume={92},
  number={23},
  pages={235136},
  year={2015},
  publisher={APS}
}

@article{vijay16,
  title={Fracton topological order, generalized lattice gauge theory, and duality},
  author={Vijay, Sagar and Haah, Jeongwan and Fu, Liang},
  journal={Physical Review B},
  volume={94},
  number={23},
  pages={235157},
  year={2016},
  publisher={APS}
}

@article{vijay17,
  title={A Generalization of Non-Abelian Anyons in Three Dimensions},
  author={Vijay, Sagar and Fu, Liang},
  journal={arXiv preprint arXiv:1706.07070},
  year={2017}
}

@article{slagle17,
  title={Quantum field theory of X-cube fracton topological order and robust degeneracy from geometry},
  author={Slagle, Kevin and Kim, Yong Baek},
  journal={Physical Review B},
  volume={96},
  number={19},
  pages={195139},
  year={2017},
  publisher={APS}
}

@article{shirley17,
  title={Fracton Models on General Three-Dimensional Manifolds},
  author={Shirley, Wilbur and Slagle, Kevin and Wang, Zhenghan and Chen, Xie},
  journal={arXiv preprint arXiv:1712.05892},
  year={2017}
}

@article{rahul18,
  title={Fractons},
  author={Nandkishore, Rahul M and Hermele, Michael},
  journal={arXiv preprint arXiv:1803.11196},
  year={2018}
}
@phdthesis{quali,
	author = "Ibieta-Jimenez, Juan Pablo",
	institution = "Instituto de Física",
	school = "Universidade de São Paulo",
	title = "{Topological Order and Twisted Abelian Higher $n$-Gauge Theories - Qualification Exam Manuscript}",
	year = "2017"
}

@article{pablo,
	author = "Ibieta-Jimenez, J. P. and Petrucci, M. and Teotônio-Sobrinho, P.",
	journal = "in preparation",
	title = "{Geometrical phases from Abelian Higher Gauge Theories}"
}


